@article{Brian_2017_spacefoundation,
	author	={Brian},
	title	={Digital Image Processing - Medical Applications - Space Foundation},
	year	={2017},
  	note = 	 {\url{http://www.spacefoundation.org/space_technology_hal/digital-image-processing-medical-applications/}},
}

@misc{Kernel_2023_wikipedia,
	title	={Kernel image processing},
	year	={2023},
	howpublished = {\url{http://en.wikipedia.org/wiki/Kernel_%28image_processing%29}},
}

@article{Hannes_Bonasch_2023,
	author	={Hannes Bonasch},
	title	={Strategien zur adaptiven Gewichtung von Daten- und Glattheitstermen in Variationsansätzen zur Bildentrauschung},
	year	={2023},
	note = 	 {\url{http://elib.uni-stuttgart.de/bitstream/11682/10264/1/bonasch.pdf }},
}

@book{Jürgen_Beyerer_Fernando_Puente_León_Christian_Frese__2023_springer,
	author	= {Jürgen Beyerer, Fernando Puente León & Christian Frese },
  	publisher = {Springer},
	title	= {Automatische Sichtprüfung },
	year	= {2016},
	pages = {581-646},
	note = {\url{{http://link.springer.com/chapter/10.1007/978-3-662-47786-1_9}}},
}

@article{J.F._Blinn_2005_ieee,
	author	={J.F. Blinn},
	title	={What is a pixel?},
	year	={2005},
	note = {\url{{https://ieeexplore.ieee.org/abstract/document/1510545}}}
}

@article{Vladimir_Chernov_2023_sciencedirect,
	author	={Vladimir Chernov},
	title	={Integer-based accurate conversion between RGB and HSV color spaces},
	year	={2015},
	note = {\url{{https://www.sciencedirect.com/science/article/pii/S0045790615002827}}}
	}

@article{Tarun_Kumar_2010_cloudfront,
	author	={Tarun Kumar},
	title	={A Theory Based on Conversion of RGB image to Gray image},
	year	={2010},
  note = {\url{{https://d1wqtxts1xzle7.cloudfront.net/47359887/pxc3871493-libre.pdf?1468960328=&response-content-disposition=inline%3B+filename%3DA_Theory_Based_on_Conversion_of_RGB_imag.pdf&Expires=1686245407&Signature=A4PBa8Bj~EFLEHAQ5v~vihos2j4qEts5Ku~fl1f38B5v33SBNtkcFcsUeZDGvYdj1UsDKTRUcPRswZUYP21KtynPooCSSXvxKMAxopwJ-jL-qa17IxU5Bx0tMH2Im6tE9lsZXDBsaOk7hWMThvpMoPXZKBo52tlDQTkLmHXQI4svvy6sjMf-~~ASUXoQBmzXKG0xVNbH7Y3zPTj4SltmIq9yJV~10u6tPmjvTs7OCgRXGwSM54wxgGYcQ5ezyDqPWSvdWyMjD1Ge0hBHv4piOrsXd~enAIT58~1BBdvHpqQNOmmkOF7o47SkEZySLkfX8IRSHfJIou0jox3tr8Sh5w__&Key-Pair-Id=APKAJLOHF5GGSLRBV4ZA}}}
  }
  
@article{Dr._Daniel_Slieter_2023_dhbw-stuttgart,
	author	={Dr. Daniel Slieter},
	title	={Digitale Bildverarbeitung Bildvorverarbeitung},
	year	={2023},
	note = {\url{https://elearning.dhbw-stuttgart.de/moodle/pluginfile.php/497263/mod_resource/content/1/BV_3_Bildvorverarbeitung_v9.pdf}}
}

@article{Noor_A._Ibraheem_2012_psu,
	author	={Noor A. Ibraheem},
	title	={Understanding Color Models: A Review},
	year	={2012},
	note = {\url{https://citeseerx.ist.psu.edu/document?repid=rep1&type=pdf&doi=75e9c6dcaeaa31fd60e61a69aaba7e706b97e4ad}}
}
@article{AHMED_SHIHAB_AHMED_2018_jatit,
	author	={AHMED SHIHAB AHMED},
	title	={COMPARATIVE STUDY AMONG SOBEL, PREWITT AND CANNY EDGE DETECTION OPERATORS USED IN IMAGE PROCESSING},
	year	={2018},
  note            = {\url             = {http://www.jatit.org/volumes/Vol96No19/20Vol96No19.pdf},},
}

@article{Xin-Yi_Gong_2018_springer,
  author	={Xin-Yi Gong},
  title	={An Overview of Contour Detection Approaches | SpringerLink},
  year	={2018},
  note = {\url{https://link.springer.com/article/10.1007/s11633-018-1117-z}}
}

@article{Sambarta_Dasgupta_2009_springer,
	author	={Sambarta Dasgupta},
	title	={Automatic circle detection on digital images with an adaptive bacterial foraging algorithm},
	year	={2009},
	note = {\url{https://link.springer.com/article/10.1007/s00500-009-0508-z}}
}

@article{G.B._Coleman_1979_ieee,
	author	={G.B. Coleman},
	title	={Image segmentation by clustering},
	year	={1979},
	note = {\url{https://ieeexplore.ieee.org/abstract/document/1455596}}
}

@article{S._Sridhar_2014_mecs-press,
	author	={S. Sridhar},
	title	={Wavelet Transform Techniques for Image Compression - An Evaluation},
	year	={2014},
	note = {\url{https://www.mecs-press.org/ijigsp/ijigsp-v6-n2/IJIGSP-V6-N2-7.pdf}}
}

@article{Don_Lancaster_2007_ollintec,
	author	={Don Lancaster},
	title	={A Review of Some Image Pixel Interpolation Algorithms},
	year	={2007},
	note = {\url{http://ollintec.com/pimagenes/interpolacion/pixintpl.pdf}}
}

@article{H._Burkhardt_uni-freiburg,
	author	={H. Burkhardt},
	title	={Signal- und Bildtransformationen},
	year	={},
	note = {\url{https://lmb.informatik.uni-freiburg.de/lectures/old_lmb/bildverarbeitung/DBV-I_Kap3.pdf}}
}

@article{Shambhavi_Jain_2017_ieee,
	author	={Shambhavi Jain},
	title	={Comparative study on SIFT and SURF face feature descriptors | IEEE Conference Publication | IEEE Xplore},
	year	={2017},
	note = {\url{https://ieeexplore.ieee.org/document/7975187}}
}

@misc{History_of_chess_engines_2023_wikipedia,
	author	={},
	title	={History of chess engines},
	year	={2023},
	howpublished = {\url{https://en.wikipedia.org/wiki/History_of_chess_engines}}
}

@article{Chris_Higgins_2017_mentalfloss,
	author	={Chris Higgins},
	title	={A Brief History of Deep Blue, IBM's Chess Computer},
	year	={2017},
	note = {\url{https://www.mentalfloss.com/article/503178/brief-history-deep-blue-ibms-chess-computer}}
}

@article{Larry_Greenemeier_2017_scientificamerican,
	author	={Larry Greenemeier},
	title	={20 Years after Deep Blue: How AI Has Advanced Since Conquering Chess - Scientific American},
	year	={2017},
	note = {\url{https://www.scientificamerican.com/article/20-years-after-deep-blue-how-ai-has-advanced-since-conquering-chess/}}
}

@misc{Lague_Sebastian_2021_youtube,
	author	={Sebastian Lague},
	title	={Coding Adventure: Chess},
	year	={2021},
	howpublished = {\url{https://www.youtube.com/watch?v=U4ogK0MIzqk&t=1455s}}
}

@book{Diderich2001,
  author         = {Diderich, Claude G. and Gengler, Marc},
  publisher      = {Springer US},
  title          = {Minimax game tree searchingMinimax Game Tree Searching},
  pages          = {1366-1374},
  year           = {2001}
}

@book{Aayush_Parashar_2023_springer,
  author         = {Parashar, Aayushand Jha, Aayush Kumar and Kumar, Manoj},
  publisher      = {Springer Nature Singapore},
  title          = {Analyzing a Chess Engine Based on Alpha--Beta Pruning, Enhanced with Iterative Deepening},
  pages          = {691-700},
  year           = {2022}
}

@misc{Move_Ordering_2023_chessprogramming,
	author	={},
	title	={Move Ordering},
	year	={2023},
	howpublished = {\url{https://www.chessprogramming.org/Move_Ordering}}
}

@article{Jos_W._H_1970_researchgate,
	author	={Jos W. H},
	title	={Transposition Tables in Computer Chess},
	year	={1970},
	note = {\url{https://www.researchgate.net/publication/2686280_Transposition_Tables_in_Computer_Chess}}
}

@article{doi:10.1126/science.aar6404,
  author = {David Silver  and Thomas Hubert  and Julian Schrittwieser  and Ioannis Antonoglou  and Matthew Lai  and Arthur Guez  and Marc Lanctot  and Laurent Sifre  and Dharshan Kumaran  and Thore Graepel  and Timothy Lillicrap  and Karen Simonyan  and Demis Hassabis },
  title = {A general reinforcement learning algorithm that masters chess, shogi, and Go through self-play},
  journal = {Science},
  volume = {362},
  number = {6419},
  pages = {1140-1144},
  year = {2018},
  doi = {10.1126/science.aar6404},
  note = {\url{https://www.science.org/doi/abs/10.1126/science.aar6404}}
}

@article{David_Silver_2023_deepmind,
	author	={David Silver},
	title	={AlphaZero: Shedding new light on chess, shogi, and Go},
	year	={2018},
	note = {\url{https://www.deepmind.com/blog/alphazero-shedding-new-light-on-chess-shogi-and-go}}
}

@article{Ziad_Salloum_2019_towardsdatascience,
	author	={Ziad Salloum},
	title	={Monte Carlo Tree Search in Reinforcement Learning},
	year	={2019},
	note = {\url{https://towardsdatascience.com/monte-carlo-tree-search-in-reinforcement-learning-b97d3e743d0f}}
}

@article{Demis_Hassabis_2017_nature,
	author	={Demis Hassabis },
	title	={Artificial Intelligence: Chess match of the century},
	year	={2017},
	note = {\url{https://www.nature.com/articles/544413a#citeas}}
}

@article{Uxpin_2022_uxpin,
	author	={Uxpin},
	title	={Design Consistency Guide with 9 Best Practices},
	year	={2022},
	note = {\url{http://www.uxpin.com/studio/blog/guide-design-consistency-best-practices-ui-ux-designers/}}
}